<?xml version="1.0" encoding="UTF-8"?><collection xmlns="http://www.loc.gov/MARC21/slim"><record><leader>00344nam--2200145-i-4500</leader><controlfield tag="001">000042670</controlfield><controlfield tag="002">20161230</controlfield><controlfield tag="005">20161230201043</controlfield><controlfield tag="008">060222s1000------------r-----000-0-eng-d</controlfield><datafield ind1=" " ind2=" " tag="080"><subfield code="a">661</subfield></datafield><datafield ind1=" " ind2=" " tag="100"><subfield code="a">Stapf,Helmut</subfield></datafield><datafield ind1=" " ind2=" " tag="245"><subfield code="a">Technical chemistry</subfield></datafield><datafield ind1=" " ind2=" " tag="260"><subfield code="a">Leipzig, Ed.Leipzig, 1967. 242 P</subfield></datafield><datafield ind1=" " ind2=" " tag="490"><subfield code="a">Technical Fundamentals</subfield></datafield><datafield ind1=" " ind2=" " tag="852"><subfield code="a">28485</subfield></datafield></record></collection>